@Book{P2,
  author     = "Chen-Chung Chang and H. Jerome Keisler",
  title      = "Model Theory",
  publisher  = "North-Holland",
  edition   = {Third},
  year       = 1990,
}

@inproceedings{P1,
  author    = {Hiroki Arimura},
  title     = {Learning Acyclic First-Order Horn Sentences from Entailment},
  booktitle = {Proc. of the 8th Intl. Conf. on Algorithmic Learning Theory, ALT '97},
  year      = {1997},
  pages     = {432-445},
  ee        = {http://dx.doi.org/10.1007/3-540-63577-7_59},
  bibsource = {DBLP, http://dblp.uni-trier.de}
}

@inproceedings{papapanagiotou2017workflowfm,
  title={WorkflowFM: A logic-based framework for formal process specification and composition},
  author={Papapanagiotou, Petros and Fleuriot, Jacques},
  booktitle={International Conference on Automated Deduction},
  pages={357--370},
  year={2017},
  organization={Springer}
}

@article{checklistdesign,
  title={Generation of structured checklists from formal resource-based workflow models},
  author={Chen, Yefei},
  journal={MSc dissertation, School of Informatics, University of Edinburgh},
  year={2020}
}

@misc{whatischecklist,
  title = {Checklist, what is it and why use it?},
  author={Alex Puscasu},
  year={2022},
  month={January},
  howpublished = {\url{http://apepm.co.uk/checklist-what-is-it-and-why-use-it}},
  note = {Accessed: \today}
}

@book{checklistmanifesto,
  TITLE = {The Checklist Manifesto},
  SUBTITLE = {How to Get Things Right},
  AUTHOR = {Gawande, Atul},
  YEAR = {2010},
  PUBLISHER = {Metropolitan Books of Henry Holt and Company LLC},
}

@article{checklistperfimprove,
    title = {The checklistâ€”a tool for error management and performance improvement},
    journal = {Journal of Critical Care},
    volume = {21},
    number = {3},
    pages = {231-235},
    year = {2006},
    issn = {0883-9441},
    doi = {https://doi.org/10.1016/j.jcrc.2006.06.002},
    url = {https://www.sciencedirect.com/science/article/pii/S0883944106000815},
    author = {Brigette M. Hales and Peter J. Pronovost},
}

@article{humanerrors,
  title={Error, stress, and teamwork in medicine and aviation: cross sectional surveys},
  author={Sexton, J Bryan and Thomas, Eric J and Helmreich, Robert L},
  journal={Bmj},
  volume={320},
  number={7237},
  pages={745--749},
  year={2000},
  publisher={British Medical Journal Publishing Group}
}

@article{surgicalex,
  title={Surgical checklists: a systematic review of impacts and implementation},
  author={Treadwell, Jonathan R and Lucas, Scott and Tsou, Amy Y},
  journal={BMJ quality \& safety},
  volume={23},
  number={4},
  pages={299--318},
  year={2014},
  publisher={BMJ Publishing Group Ltd}
}

@misc{bpmcompanies,
  title = {What is Business Process Management?},
  author={Enlyft},
  year={2022},
  howpublished = {\url{https://enlyft.com/tech/business-process-management}},
  note = {Accessed: \today}
}

@article{whatisbpm,
  title={Business process management: a review and evaluation},
  author={Lee, Roy G and Dale, Barrie G},
  journal={Business process management journal},
  year={1998},
  publisher={MCB UP Ltd}
}

@inproceedings{bpmbenefits,
  title={Business process modeling: Perceived benefits},
  author={Indulska, Marta and Green, Peter and Recker, Jan and Rosemann, Michael},
  booktitle={International Conference on Conceptual Modeling},
  pages={458--471},
  year={2009},
  organization={Springer}
}

@techreport{bpmstrength,
  title={Business Process Management (BPM): Best practices for integrating BPM with Anypoint Platform},
  author={MuleSoft},
  howpublished = {\url{https://www.mulesoft.com/lp/whitepaper/soa/business-processes-management}},
  year={2022},
}

@article{susscores,
  title={SUS-A quick and dirty usability scale},
  author={Brooke, John and others},
  journal={Usability evaluation in industry},
  volume={189},
  number={194},
  pages={4--7},
  year={1996},
  publisher={London--}
}

@article{iotworkflows,
  title={A data replica placement strategy for IoT workflows in collaborative edge and cloud environments},
  author={Shao, Yanling and Li, Chunlin and Tang, Hengliang},
  journal={Computer Networks},
  volume={148},
  pages={46--59},
  year={2019},
  publisher={Elsevier}
}

@article{iotfogworkflows,
  title={A hybrid approach to scheduling real-time IoT workflows in fog and cloud environments},
  author={Stavrinides, Georgios L and Karatza, Helen D},
  journal={Multimedia Tools and Applications},
  volume={78},
  number={17},
  pages={24639--24655},
  year={2019},
  publisher={Springer}
}

@article{bpmdefinition,
  title={Business process management (BPM) standards: a survey},
  author={Ko, Ryan KL and Lee, Stephen SG and Lee, Eng Wah},
  journal={Business process management journal},
  year={2009},
  publisher={Emerald Group Publishing Limited}
}

@article{bpmlifecycles,
  title={An analysis of BPM lifecycles: from a literature review to a framework proposal},
  author={de Morais, Rinaldo Macedo and Kazan, Samir and de P{\'a}dua, Silvia In{\^e}s Dallavalle and Costa, Andr{\'e} Lucirton},
  journal={Business Process Management Journal},
  year={2014},
  publisher={Emerald Group Publishing Limited}
}

@inproceedings{bpmlifecycles2,
  title={Semantic Business Process Management: A Lifecycle Based Requirements Analysis.},
  author={Wetzstein, Branimir and Ma, Zhilei and Filipowska, Agata and Kaczmarek, Monika and Bhiri, Sami and Losada, Silvestre and Cobo, Jos{\'e} Manuel L{\'o}pez and Cicurel, Laurent},
  booktitle={SBPM},
  volume={251},
  year={2007},
  organization={Citeseer}
}

@article{bpmlifecycles3,
  title={Empirical research in business process management--analysis of an emerging field of research},
  author={Houy, Constantin and Fettke, Peter and Loos, Peter},
  journal={Business process management journal},
  year={2010},
  publisher={Emerald Group Publishing Limited}
}

@misc{nintext,
    author = "Nintex",
    title = "Nintex: Process Management and Workflow Automation Software",
    howpublished = {\url{https://www.nintex.com/}},
    note = {Accessed \today}
}

@misc{bizagi,
    author = "Bizagi",
    title = "Bizagi - Low-Code Automation Leader",
    howpublished = {\url{https://www.bizagi.com/en}},
    note = {Accessed \today}
}

@misc{bonitasoft,
    author = "Bonitasoft",
    title = "Bonitasoft : Open Source BPM software - Business Process Management",
    howpublished = {\url{https://www.bonitasoft.com/}},
    note = {Accessed \today}
}

@Inbook{xmlpdl,
    author="Palmer, Nathaniel",
    editor="LIU, LING
    and {\"O}ZSU, M. TAMER",
    title="XML Process Definition Language",
    bookTitle="Encyclopedia of Database Systems",
    year="2009",
    publisher="Springer US",
    address="Boston, MA",
    pages="3601--3601",
    isbn="978-0-387-39940-9",
    doi="10.1007/978-0-387-39940-9_1550",
    url="https://doi.org/10.1007/978-0-387-39940-9_1550"
}

@article{manataki2016workflow,
  title={A workflow-driven formal methods approach to the generation of structured checklists for intrahospital patient transfers},
  author={Manataki, Areti and Fleuriot, Jacques and Papapanagiotou, Petros},
  journal={IEEE journal of biomedical and health informatics},
  volume={21},
  number={4},
  pages={1156--1162},
  year={2016},
  publisher={IEEE}
}

@article{papapanagiotou2014formal,
  title={Formal verification of collaboration patterns in healthcare},
  author={Papapanagiotou, Petros and Fleuriot, Jacques D},
  journal={Behaviour \& Information Technology},
  volume={33},
  number={12},
  pages={1278--1293},
  year={2014},
  publisher={Taylor \& Francis}
}

@misc{googleforms,
    author = "Google",
    title = "Google Forms: Online Form Creator | Google Workspace",
    howpublished = {\url{https://www.google.co.uk/forms/about/}},
    note = {Accessed \today}
}

@misc{msforms,
    author = "Microsoft",
    title = "Introduction to Microsoft Forms",
    howpublished = {\url{https://support.microsoft.com/en-us/office/introduction-to-microsoft-forms-bb1dd261-260f-49aa-9af0-d3dddcea6d69}},
    note = {Accessed \today}
}

@misc{json,
    author = "Douglas Crockford",
    title = "Introducing JSON",
    howpublished = {\url{https://www.json.org}},
    note = {Accessed \today}
}


@misc{scalajs,
    author = {scala.js},
    title = {Scala.js},
    howpublished = {\url{https://www.scala-js.org/}},
    note = {Accessed \today}
}

@misc{typescript,
    author = {Microsoft Corp},
    title = {TypeScript: typed JavaScript at any scale},
    howpublished = {\url{https://www.typescriptlang.org/}},
    note = {Accessed \today}
}

@misc{javascript,
    author = {Brendan Eich},
    title = {JavaScript.com},
    howpublished = {\url{https://www.javascript.com/}},
    note = {Accessed \today}
}

@misc{vue,
  author = {Evan You},
  title = {Vue.js},
  howpublished = {\url{https://vuejs.org/}},
    note = {Accessed \today}
}

@misc{react,
    author = {Facebook},
    title = {React},
    howpublished = {\url{https://reactjs.org/}},
    note = {Accessed \today}
}

@misc{angular,
    author = {Google},
    title = {Angular},
    howpublished = {\url{https://angular.io/}},
    note = {Accessed \today}
}

@misc{nextjs,
    author = {Vercel},
    title = {Next.js},
    howpublished = {\url{https://nextjs.org/}},
    note = {Accessed \today}
}

@misc{nuxtjs,
    author = {Alexandre Chopin, Sebastien Chopin, Pooya Parsa},
    title = {Nuxt.js},
    howpublished = {\url{https://nuxtjs.org/}},
    note = {Accessed \today}
}

@misc{redux,
    author = {Dan Abramov},
    title = {Redux},
    howpublished = {\url{https://redux.js.org/}},
    note = {Accessed \today}
}

@misc{tailwindcss,
  author = {Adam Wathan},
  title = {TailwindCSS},
  howpublished = {\url{https://tailwindcss.com/}},
  note = {Accessed \today}
}

@misc{vercel,
  author = {Vercel},
  title = {Vercel: Develop. Preview. Ship. For the best frontend teams},
  howpublished = {https://vercel.com/},
  note = {Accessed \today}
}

@misc{heroku,
  author = {Heroku},
  title = {Heroku: Cloud Application Platform},
  howpublished = {https://www.heroku.com/},
  note = {Accessed \today}
}

@misc{github,
  author = {GitHub},
  title = {GitHub: Where the world builds software},
  howpublished = {https://github.com/},
  note = {Accessed \today}
}

@misc{githubactions,
  author = {GitHub},
  title = {GitHub Actions Documentation},
  howpublished = {https://docs.github.com/en/actions},
  note = {Accessed \today}
}

@misc{sqlite,
  author = {D. Richard Hipp},
  title = {SQLite Home Page},
  howpublished = {https://www.sqlite.org/index.html},
  note = {Accessed \today}
}

@misc{postgresql,
  author = {PostgreSQL Global Development Group},
  title = {PostgreSQL: The world's most advanced open source database},
  howpublished = {https://www.postgresql.org/},
  note = {Accessed \today}
}

@misc{elephantsql,
  author = {ElephantSQL},
  title = {ElephantSQL - PostgreSQL as a Service},
  howpublished = {https://www.elephantsql.com/},
  note = {Accessed \today}
}

@article{rocanalysis,
  title={An introduction to ROC analysis},
  author={Fawcett, Tom},
  journal={Pattern recognition letters},
  volume={27},
  number={8},
  pages={861--874},
  year={2006},
  publisher={Elsevier}
}

@misc{akka,
    author = "Akka",
    title = "Akka HTTP",
    howpublished = {\url{https://doc.akka.io/docs/akka-http/current/index.html}},
    note = {Accessed \today}
}

@misc{http4s,
    author = "http4s",
    title = "Http4s",
    howpublished = {\url{https://http4s.org/}},
    note = {Accessed \today}
}

@misc{scala,
    author = "Programming Methods Laboratory of Ã‰cole Polytechnique FÃ©dÃ©rale de Lausanne",
    title = "The Scala Programming Language",
    howpublished = {\url{https://www.scala-lang.org/}},
    note = {Accessed \today}
}

@article{entity,
  title={The entity-relationship modelâ€”toward a unified view of data},
  author={Chen, Peter Pin-Shan},
  journal={ACM transactions on database systems (TODS)},
  volume={1},
  number={1},
  pages={9--36},
  year={1976},
  publisher={Acm New York, NY, USA}
}


@article{dfs,
  title={Depth-first search and linear graph algorithms},
  author={Tarjan, Robert},
  journal={SIAM journal on computing},
  volume={1},
  number={2},
  pages={146--160},
  year={1972},
  publisher={SIAM}
}


@article{bangor2009determining,
  title={Determining what individual SUS scores mean: Adding an adjective rating scale},
  author={Bangor, Aaron and Kortum, Philip and Miller, James},
  journal={Journal of usability studies},
  volume={4},
  number={3},
  pages={114--123},
  year={2009},
  publisher={Citeseer}
}

@inproceedings{68avgsus,
  title={The factor structure of the system usability scale},
  author={Lewis, James R and Sauro, Jeff},
  booktitle={International conference on human centered design},
  pages={94--103},
  year={2009},
  organization={Springer}
}